% Encoding: UTF-8

@Book{Petras2011,
  title         = {Fractional-Order Nonlinear Systems},
  publisher     = {Springer Berlin Heidelberg},
  year          = {2011},
  author        = {Petráš, Ivo},
  __markedentry = {[Part:1]},
  doi           = {10.1007/978-3-642-18101-6},
  file          = {:Bibliografia/Books/Petras_Ivo-2011-Fractional_OrderNonlinearSystems.pdf:PDF},
}

@Book{Olds2009,
  title         = {Continued Fractions},
  publisher     = {The Mathematical Association of America},
  year          = {2009},
  author        = {Olds, C. D.},
  __markedentry = {[Part:1]},
  doi           = {10.5948/upo9780883859261},
  file          = {:Bibliografia/Books/Olds_C_D-1963-Continued_Fractions.pdf:PDF},
}

@Article{Petras2019,
  author        = {Ivo Petráš and Jan Terpak},
  title         = {Fractional Calculus as a Simple Tool for Modeling and Analysis of Long Memory Process in Industry},
  journal       = {Mathematics},
  year          = {2019},
  volume        = {7},
  number        = {6},
  pages         = {511},
  month         = {jun},
  __markedentry = {[Part:1]},
  doi           = {10.3390/math7060511},
  file          = {:Bibliografia/Articles/Petras_Ivo-2019-Fractional_Calculus_as_a_Simple_Tool_for_Modeling.pdf:PDF},
  publisher     = {{MDPI} {AG}},
}

@Article{Li2018,
  author        = {Chunbiao Li and Wesley Joo-Chen Thio and Julien Clinton Sprott and Herbert Ho-Ching Iu and Yujie Xu},
  title         = {Constructing Infinitely Many Attractors in a Programmable Chaotic Circuit},
  journal       = {{IEEE} Access},
  year          = {2018},
  volume        = {6},
  pages         = {29003--29012},
  __markedentry = {[Part:1]},
  doi           = {10.1109/access.2018.2824984},
  file          = {:Bibliografia/Articles/Li_Chunbiao-2019-Programmable_Chaotic_Circuit_FPAA.pdf:PDF},
  publisher     = {Institute of Electrical and Electronics Engineers ({IEEE})},
}

@Article{Krishna2008,
  author        = {B. T. Krishna and K. V. V. S. Reddy},
  title         = {Active and Passive Realization of Fractance Device of Order 1/2},
  journal       = {Active and Passive Electronic Components},
  year          = {2008},
  volume        = {2008},
  pages         = {1--5},
  __markedentry = {[Part:1]},
  doi           = {10.1155/2008/369421},
  file          = {:Bibliografia/Articles/Krishna-2008-Active_and_Passive_Realization_of_Fractance_Device_of_Order.pdf:PDF},
  publisher     = {Hindawi Limited},
}

@Article{Krishna2011,
  author        = {B.T. Krishna},
  title         = {Studies on fractional order differentiators and integrators: A survey},
  journal       = {Signal Processing},
  year          = {2011},
  volume        = {91},
  number        = {3},
  pages         = {386--426},
  month         = mar,
  __markedentry = {[Part:1]},
  doi           = {10.1016/j.sigpro.2010.06.022},
  file          = {:Bibliografia/Articles/Krishna-2011-Studies_on_fractional_order_differentiators_and_integrators.pdf:PDF},
  publisher     = {Elsevier {BV}},
}

@Article{Lu2006,
  author    = {Jun Guo Lu and Guanrong Chen},
  title     = {A note on the fractional-order Chen system},
  journal   = {Chaos, Solitons {\&} Fractals},
  year      = {2006},
  volume    = {27},
  number    = {3},
  pages     = {685--688},
  month     = {feb},
  doi       = {10.1016/j.chaos.2005.04.037},
  file      = {:Bibliografia/Articles/LuChen-2006-A_note_on_the_fractional_orden_system.pdf:PDF},
  publisher = {Elsevier {BV}},
}

@Book{CharlesAlexander2016,
  title         = {Fundamentals of Electric Circuits},
  publisher     = {McGraw-Hill Education},
  year          = {2016},
  author        = {Charles Alexander, Matthew Sadiku},
  isbn          = {0078028221},
  __markedentry = {[Part:1]},
  date          = {2016-01-13},
  ean           = {9780078028229},
  file          = {:Bibliografia/Books/Sadiku_A_2016-Fundamentals_of_Electric_Circuits.pdf:PDF},
  pagetotal     = {992},
  url           = {https://www.ebook.de/de/product/25236464/charles_alexander_matthew_sadiku_fundamentals_of_electric_circuits.html},
}

@Book{Allen1980,
  title         = {Introduction to the Theory and Design of Active Filters (Electrical Engineering Series)},
  publisher     = {McGraw-Hill Book Company},
  year          = {1980},
  author        = {Lawrence P. Huelsman and Phillip E. Allen},
  __markedentry = {[Part:1]},
  file          = {:Bibliografia/Books/Allen_1980-Introduction_to_the_Theory_and_Design_of_Active_Filters.pdf:PDF},
}

@Article{Munoz-Pacheco2019,
  author    = {Jesus M. Mu{\~{n}}oz-Pacheco},
  title     = {Infinitely many hidden attractors in a new fractional-order chaotic system based on a fracmemristor},
  journal   = {The European Physical Journal Special Topics},
  year      = {2019},
  volume    = {228},
  number    = {10},
  pages     = {2185--2196},
  month     = {oct},
  doi       = {10.1140/epjst/e2019-900035-y},
  file      = {:Bibliografia/Articles/MuñozPacheco-2019-InfinitelyManyHiddenAttractors.pdf:PDF},
  publisher = {Springer Science and Business Media {LLC}},
}

@Book{Munoz-Pacheco2010,
  title         = {Electronic Design Automation of Multi-Scroll Chaos Generators},
  publisher     = {BENTHAM SCIENCE PUB},
  year          = {2010},
  author        = {Jesus Manuel M. Pacheco and Esteban Tlelo Cuautle},
  isbn          = {1608056643},
  __markedentry = {[Part:1]},
  date          = {2018-02-16},
  ean           = {9781608056644},
  file          = {:Bibliografia/Books/Pacheco-2010-Electronic_design_automation_of_multiscroll_chaos_generators.pdf:PDF},
  pagetotal     = {96},
  url           = {https://www.ebook.de/de/product/37706705/esteban_tlelo_cuautle_jesus_manuel_m_pacheco_electronic_design_automation_of_multi_scroll_chaos_generators.html},
}

@Book{Buscarino2014,
  title         = {A Concise Guide to Chaotic Electronic Circuits},
  publisher     = {Springer-Verlag GmbH},
  year          = {2014},
  author        = {Buscarino, Arturo and Fortuna, Luigi and Frasca, Mattia and Sciuto, Gregorio},
  __markedentry = {[Part:1]},
  date          = {2014-04-22},
  ean           = {9783319059006},
  file          = {:Bibliografia/Books/Buscarino-2014-A_concise_guide_to_chaotic_electonic_circuits_.pdf:PDF},
  url           = {https://www.ebook.de/de/product/22552804/arturo_buscarino_luigi_fortuna_mattia_frasca_gregorio_sciuto_a_concise_guide_to_chaotic_electronic_circuits.html},
}

@Article{Khubalkar2018,
  author        = {Swapnil W. Khubalkar and Anjali S. Junghare and Mohan V. Aware and Amit S. Chopade and Shantanu Das},
  title         = {Demonstrative fractional order {\textendash} {PID} controller based {DC} motor drive on digital platform},
  journal       = {{ISA} Transactions},
  year          = {2018},
  volume        = {82},
  pages         = {79--93},
  month         = {nov},
  __markedentry = {[Part:1]},
  doi           = {10.1016/j.isatra.2017.08.019},
  file          = {:Bibliografia/Articles/Swapnil-2018-Denmostrative_fractional_order_PID_controller_based_CD.pdf:PDF},
  publisher     = {Elsevier {BV}},
}

@Article{Tepljakov2016,
  author        = {Aleksei Tepljakov and Emmanuel A. Gonzalez and Eduard Petlenkov and Juri Belikov and Concepci{\'{o}}n A. Monje and Ivo Petr{\'{a}}{\v{s}}},
  title         = {Incorporation of fractional-order dynamics into an existing {PI}/{PID} {DC} motor control loop},
  journal       = {{ISA} Transactions},
  year          = {2016},
  volume        = {60},
  pages         = {262--273},
  month         = {jan},
  __markedentry = {[Part:1]},
  doi           = {10.1016/j.isatra.2015.11.012},
  file          = {:Bibliografia/Articles/Tepljakov-2016-Incorporation_of_fractional_order_dinamics_into_an_existing_PI_PID.pdf:PDF},
  publisher     = {Elsevier {BV}},
}

@Book{Das2007,
  title         = {Functional Fractional Calculus for System Identification and Controls},
  publisher     = {Springer-Verlag GmbH},
  year          = {2007},
  author        = {Das, Shantanu},
  __markedentry = {[Part:1]},
  date          = {2007-09-26},
  ean           = {9783540727033},
  file          = {:Bibliografia/Books/Das-2007-Functional_Fractional_Calculus.pdf:PDF},
  url           = {https://www.ebook.de/de/product/8898092/shantanu_das_functional_fractional_calculus_for_system_identification_and_controls.html},
}

@Book{Ortigueira2011,
  title         = {Fractional Calculus for Scientists and Engineers},
  publisher     = {Springer-Verlag GmbH},
  year          = {2011},
  author        = {Ortigueira, Manuel Duarte},
  __markedentry = {[Part:1]},
  date          = {2011-06-02},
  ean           = {9789400707474},
  file          = {:Bibliografia/Books/Ortigueira-2011-Fractional_Calculus_For_Scientist.pdf:PDF},
  url           = {https://www.ebook.de/de/product/16208699/manuel_duarte_ortigueira_fractional_calculus_for_scientists_and_engineers.html},
}

@Book{Sedra2015,
  title         = {Microelectronic Circuits},
  publisher     = {Oxford University Press Inc},
  year          = {2015},
  author        = {Adel S. Sedra, Kenneth Smith},
  isbn          = {0199339147},
  __markedentry = {[Part:1]},
  date          = {2015-11-19},
  ean           = {9780199339143},
  file          = {:Bibliografia/Books/Sedra-2015-Microelectronic_Circuits.pdf:PDF},
  pagetotal     = {1472},
  url           = {https://www.ebook.de/de/product/25558764/adel_s_sedra_kenneth_smith_microelectronic_circuits.html},
}

@Article{Caponetto2006,
  author        = {Riccardo Caponetto and Domenico Porto},
  title         = {Analog implementation of non integer order integrator via field programmable analog array},
  journal       = {{IFAC} Proceedings Volumes},
  year          = {2006},
  volume        = {39},
  number        = {11},
  pages         = {107--111},
  month         = {jan},
  __markedentry = {[Part:1]},
  doi           = {10.3182/20060719-3-pt-4902.00018},
  file          = {:Bibliografia/Articles/Caponetto-2006-Analog_implementation_of_non_integer_order_integrator_FPAA.pdf:PDF},
  publisher     = {Elsevier {BV}},
}

@Article{Jesus2008,
  author        = {Isabel S. Jesus and J. A. Tenreiro Machado},
  title         = {Development of fractional order capacitors based on~electrolyte processes},
  journal       = {Nonlinear Dynamics},
  year          = {2008},
  volume        = {56},
  number        = {1-2},
  pages         = {45--55},
  month         = {jun},
  __markedentry = {[Part:1]},
  doi           = {10.1007/s11071-008-9377-8},
  file          = {:Bibliografia/Articles/Jesus_Machado-2008-Development_of_fractional_order_capacitors_based_on_electrolyte_processes.pdf:PDF},
  publisher     = {Springer Science and Business Media {LLC}},
}

@Article{Biswas2006,
  author        = {K. Biswas and S. Sen and P.K. Dutta},
  title         = {Realization of a Constant Phase Element and Its Performance Study in a Differentiator Circuit},
  journal       = {{IEEE} Transactions on Circuits and Systems {II}: Express Briefs},
  year          = {2006},
  volume        = {53},
  number        = {9},
  pages         = {802--806},
  month         = {sep},
  __markedentry = {[Part:1]},
  doi           = {10.1109/tcsii.2006.879102},
  file          = {:Bibliografia/Articles/Biswas-2006-Realization_of_a_Constant_Phase_Element_and_Its_Performance.pdf:PDF},
  publisher     = {Institute of Electrical and Electronics Engineers ({IEEE})},
}

@Article{Fragoulis2009,
  author        = {N. Fragoulis and G. Souliotis and D. Besiris and K. Giannakopoulos},
  title         = {Field programmable analogue array design based on the wave active filter design method},
  journal       = {{AEU} - International Journal of Electronics and Communications},
  year          = {2009},
  volume        = {63},
  number        = {10},
  pages         = {889--895},
  month         = {oct},
  __markedentry = {[Part:1]},
  doi           = {10.1016/j.aeue.2008.06.014},
  file          = {:Bibliografia/Articles/Fragouslis-2009-DPAA_design_based_on_the_wave_active.pdf:PDF},
  publisher     = {Elsevier {BV}},
}

@Article{Chen2009,
  author        = {YangQuan Chen and Ivo Petras and Dingyu Xue},
  title         = {Fractional order control - A tutorial},
  journal       = {American Control Conference},
  year          = {2009},
  __markedentry = {[Part:1]},
  booktitle     = {2009 American Control Conference},
  doi           = {10.1109/acc.2009.5160719},
  file          = {:Bibliografia/Articles/Chen-2009-Fractional_Order_Control_A_Tutorial.pdf:PDF},
  publisher     = {{IEEE}},
}

@Article{Gunay2017,
  author        = {Enis Gunay and Kenan Altun},
  title         = {A performance comparison study of programmable platforms: {FPAA} and {FPGA} implementation of {COOK} communication system},
  journal       = {European Conference on Circuit Theory and Design (ECCTD)},
  year          = {2017},
  month         = {sep},
  __markedentry = {[Part:1]},
  booktitle     = {2017 European Conference on Circuit Theory and Design ({ECCTD})},
  doi           = {10.1109/ecctd.2017.8093237},
  file          = {:Bibliografia/Articles/Gunay-2017-A_performance_comparison_study_of_programmable_platforms_FPAA_FPGA.pdf:PDF},
  publisher     = {{IEEE}},
}

@Article{Charef2006,
  author        = {A. Charef},
  title         = {Analogue realisation of fractional-order integrator, differentiator and fractional {PI}$^{\lambda}$ {D}$^{\mu}$ controller},
  journal       = {{IEE} Proceedings - Control Theory and Applications},
  year          = {2006},
  volume        = {153},
  number        = {6},
  pages         = {714--720},
  month         = {nov},
  __markedentry = {[Part:1]},
  doi           = {10.1049/ip-cta:20050019},
  file          = {:Bibliografia/Articles/Charef-2006-Analogue_realisation_of_fractional_order_integrator_PI.pdf:PDF},
  publisher     = {Institution of Engineering and Technology ({IET})},
}

@Article{Dorcak2012,
  author        = {L{\textquotesingle}ubomir Dorcak and Jan Terpak and Ivo Petras and Juraj Valsa and Emmanuel Gonzalez},
  title         = {Comparison of the electronic realization of the fractional-order system and its model},
  journal       = {Proceedings of the 13th International Carpathian Control Conference (ICCC)},
  year          = {2012},
  month         = {may},
  __markedentry = {[Part:1]},
  booktitle     = {Proceedings of the 13th International Carpathian Control Conference ({ICCC})},
  doi           = {10.1109/carpathiancc.2012.6228627},
  file          = {:Bibliografia/Articles/Dorcak-2012-Comparison_of_the_Electronic_Realization_of_theFractional_Order_System_and_its_Model.pdf:PDF},
  publisher     = {{IEEE}},
}

@Article{Tepljakov2013,
  author        = {Aleksei Tepljakov and Eduard Petlenkov and Juri Belikov},
  title         = {Efficient analog implementations of fractional-order controllers},
  journal       = {Proceedings of the 14th International Carpathian Control Conference (ICCC)},
  year          = {2013},
  month         = {may},
  __markedentry = {[Part:1]},
  booktitle     = {Proceedings of the 14th International Carpathian Control Conference ({ICCC})},
  doi           = {10.1109/carpathiancc.2013.6560573},
  file          = {:Bibliografia/Articles/Tepljakov-2013-Efficient_Analog_Implementations_of_Fractional_order_controllers.pdf:PDF},
  publisher     = {{IEEE}},
}

@Article{Kumari2017,
  author        = {Bibha Kumari and Nisha Gupta},
  title         = {Experimental investigation on chaotic oscillator coupled dielectric resonator antenna for medical applications},
  journal       = {IEEE International Conference on Antenna Innovations \& Modern Technologies for Ground, Aircraft and Satellite Applications (iAIM)},
  year          = {2017},
  month         = {nov},
  __markedentry = {[Part:1]},
  booktitle     = {2017 {IEEE} International Conference on Antenna Innovations {\&} Modern Technologies for Ground, Aircraft and Satellite Applications ({iAIM})},
  doi           = {10.1109/iaim.2017.8402580},
  file          = {:Bibliografia/Articles/Kumari-2017-Experimental_investigation_on_chaotic_oscillator_coupled_dielectric_resonator.pdf:PDF},
  publisher     = {{IEEE}},
}

@Book{Jiang2010,
  title         = {The application of chaotic duffing oscillators to ballistocardiograph signal detection},
  publisher     = {{IEEE}},
  year          = {2010},
  author        = {Fangfang Jiang and Xu Wang and Jingjing Jin and Dan Yang},
  month         = {jul},
  __markedentry = {[Part:1]},
  booktitle     = {2010 8th World Congress on Intelligent Control and Automation},
  doi           = {10.1109/wcica.2010.5554236},
  file          = {:Bibliografia/Articles/Jiang-2010-The_applicarion_of_chaotic_duffing_oscillators_to_ballistocardiograph_signal_detection.pdf:PDF},
}

@Article{Wang1999,
  author        = {Guanyu Wang and Dajun Chen and Jianya Lin and Xing Chen},
  title         = {The application of chaotic oscillators to weak signal detection},
  journal       = {{IEEE} Transactions on Industrial Electronics},
  year          = {1999},
  volume        = {46},
  number        = {2},
  pages         = {440--444},
  month         = {apr},
  __markedentry = {[Part:1]},
  doi           = {10.1109/41.753783},
  file          = {:Bibliografia/Articles/Wang-1999-The_application_of_chaotic_oscillators_to_weak_signal_detection.pdf:PDF},
  publisher     = {Institute of Electrical and Electronics Engineers ({IEEE})},
}

@Book{Tepina2002,
  title         = {Self-parametric chaotic oscillators for secure communication systems},
  publisher     = {St. Petersburg State Polytech. Univ},
  year          = {2002},
  author        = {V.P. Tepin},
  __markedentry = {[Part:1]},
  booktitle     = {ICCSC 02 1st IEEE International Conference on Circuits and Systems for Communications Proceedings},
  doi           = {10.1109/occsc.2002.1029094},
  file          = {:Bibliografia/Articles/Tepin-2002-Self_parametric_chaotic_oscillators_for_secure_communications_systems.pdf:PDF},
}

@Comment{jabref-meta: databaseType:bibtex;}
